
@online{TheWhiteHouse,
  author = {{The White House}},
  title = {The Precision Medicine Initiative},
  year = 2015,
  urldate = {2015-01-20},
  note = {Available at: https://www.whitehouse.gov/precision-medicine. Accessed: 2015-08-03},
}

@article{Altshuler2010,
	author = {{The 1000 Genomes Project Consortium}},
	journal = {Nature},
	pages = {1061--1073},
	title = {A map of human genome variation from population-scale sequencing},
	url = {http://dx.doi.org/10.1038/nature09534},
	volume = {467},
	year = {2010}
}

@article{Stephens2015,
    author = {Stephens, Zachary D. and Lee, Skylar Y. and Faghri, Faraz and Campbell, Roy H. and Zhai, Chengxiang and Efron, Miles J. and Iyer, Ravishankar and Schatz, Michael C. and Sinha, Saurabh and Robinson, Gene E.},
    comment = {http://journals.plos.org/plosbiology/article?id=10.1371/journal.pbio.1002195},
    day = {7},
    doi = {10.1371/journal.pbio.1002195},
    journal = {PLoS Biol},
    keywords = {bigdata, bioinformatics, genomics, openaccess},
    month = jul,
    number = {7},
    pages = {e1002195+},
    posted-at = {2015-07-16 12:02:28},
    priority = {2},
    publisher = {Public Library of Science},
    title = {Big Data: Astronomical or Genomical?},
    url = {http://dx.doi.org/10.1371/journal.pbio.1002195},
    volume = {13},
    year = {2015}
}

@inproceedings{Dart2013,
	author = {Dart, Eli and Rotman, Lauren and Tierney, Brian and Hester, Mary and Zurawski, Jason},
	title = {The Science DMZ: A Network Design Pattern for Data-intensive Science},
	booktitle = {Proceedings of the International Conference on High Performance Computing, Networking, Storage and Analysis},
	series = {SC '13},
	year = {2013},
	isbn = {978-1-4503-2378-9},
	location = {Denver, Colorado},
	pages = {85:1--85:10},
	articleno = {85},
	numpages = {10},
	url = {http://doi.acm.org/10.1145/2503210.2503245},
	doi = {10.1145/2503210.2503245},
	acmid = {2503245},
	publisher = {ACM},
address = {New York, NY, USA},
} 

@inproceedings{Magri2014,
	author={Cristofoleti Magri, D.R. and Melo de Brito Carvalho, T.C. and Frota Redigolo, F. and Torrez Rojas, M.A. and Simplicio Junior, M.A. and Neumann Ciuffo, L. and Dias, G.N. and Soares de Moura, A. and Vetter, F.},
	booktitle={e-Science (e-Science), 2014 IEEE 10th International Conference on},
	title={Science DMZ: Support for e-Science in Brazil},
	year={2014},
	month={Oct},
	volume={2},
	pages={75-78},
	doi={10.1109/eScience.2014.53},
}

@article{Kreutz2014,
  author    = {Diego Kreutz and
               Fernando M. V. Ramos and
               Paulo Ver{\'{\i}}ssimo and
               Christian Esteve Rothenberg and
               Siamak Azodolmolky and
               Steve Uhlig},
  title     = {Software-Defined Networking: {A} Comprehensive Survey},
  journal   = {CoRR},
  volume    = {abs/1406.0440},
  year      = {2014},
  url       = {http://arxiv.org/abs/1406.0440},
  timestamp = {Tue, 01 Jul 2014 11:58:08 +0200},
  biburl    = {http://dblp.uni-trier.de/rec/bib/journals/corr/KreutzRVRAU14},
  bibsource = {dblp computer science bibliography, http://dblp.org}
}

@article{Levy2007,
    author = {Levy, Samuel AND Sutton, Granger AND Ng, Pauline C AND Feuk, Lars AND Halpern, Aaron L AND Walenz, Brian P AND Axelrod, Nelson AND Huang, Jiaqi AND Kirkness, Ewen F AND Denisov, Gennady AND Lin, Yuan AND MacDonald, Jeffrey R AND Pang, Andy Wing Chun AND Shago, Mary AND Stockwell, Timothy B AND Tsiamouri, Alexia AND Bafna, Vineet AND Bansal, Vikas AND Kravitz, Saul A AND Busam, Dana A AND Beeson, Karen Y AND McIntosh, Tina C AND Remington, Karin A AND Abril, Josep F AND Gill, John AND Borman, Jon AND Rogers, Yu-Hui AND Frazier, Marvin E AND Scherer, Stephen W AND Strausberg, Robert L AND Venter, J. Craig},
    journal = {PLoS Biol},
    publisher = {Public Library of Science},
    title = {The Diploid Genome Sequence of an Individual Human},
    year = {2007},
    month = {09},
    volume = {5},
    url = {http://dx.doi.org/10.1371%2Fjournal.pbio.0050254},
    pages = {e254},
    number = {10},
    doi = {10.1371/journal.pbio.0050254}
}

@article{Stein2015,
    author = {Stein, Lincoln D. and Knoppers, Bartha M. and Campbell, Peter and Getz, Gad and Korbel, Jan O.},
    day = {8},
    doi = {10.1038/523149a},
    issn = {0028-0836},
    journal = {Nature},
    keywords = {informatics, staffpaper},
    month = jul,
    number = {7559},
    pages = {149--151},
    posted-at = {2015-07-16 12:56:32},
    priority = {2},
    publisher = {Nature Publishing Group},
    title = {{Data analysis: Create a cloud commons}},
    url = {http://dx.doi.org/10.1038/523149a},
    volume = {523},
    year = {2015}
}

@inproceedings{Klampanos2012,
	author = {Robert L. Grossman and Matthew Greenway and Allison P. Heath and Ray Powell and Rafael D. Suarez and Walt Wells and Kevin P. White and Malcolm P. Atkinson and Iraklis A. Klampanos and Heidi L. Alvarez and Christine Harvey and Joe Mambretti},
	title = {The Design of a Community Science Cloud: The Open Science Data Cloud Perspective},
	booktitle = {SC Companion},
	year = {2012},
  	pages = {1051-1057},
}

@article{Heath2014,
    author = {Heath, Allison P. and Greenway, Matthew and Powell, Raymond and Spring, Jonathan and Suarez, Rafael and Hanley, David and Bandlamudi, Chai and McNerney, Megan E. and White, Kevin P. and Grossman, Robert L.},
    day = {24},
    doi = {10.1136/amiajnl-2013-002155},
    issn = {1527-974X},
    journal = {Journal of the American Medical Informatics Association},
    keywords = {cloudcomputing, genomics},
    month = jan,
    pages = {amiajnl-2013-002155+},
    pmid = {24464852},
    posted-at = {2014-02-08 17:09:28},
    priority = {0},
    publisher = {BMJ Publishing Group Ltd},
    title = {{Bionimbus: a cloud for managing, analyzing and sharing large genomics datasets}},
    url = {http://dx.doi.org/10.1136/amiajnl-2013-002155},
    year = {2014}
}

@article{Towns2014,
	author={Towns, J. and Cockerill, T. and Dahan, M. and Foster, I. and Gaither, K. and Grimshaw, A. and Hazlewood, V. and Lathrop, S. and Lifka, D. and Peterson, G.D. and Roskies, R. and Scott, J.R. and Wilkins-Diehr, N.},
	journal={Computing in Science Engineering},
	title={XSEDE: Accelerating Scientific Discovery},
	year={2014},
	month={Sept},
	volume={16},
	number={5},
	pages={62-74},
	doi={10.1109/MCSE.2014.80},
	ISSN={1521-9615},
}

@inproceedings{Ibarra2015,
  author = {Ibarra, Julio and Bezerra, Jeronimo and Morgan, Heidi and Lopez, Luis Fernandez and Cox, Donald A. and Stanton, Michael and Machado, Iara and Grizendi, Eduardo and Lopez, Luis Fernandez},
  booktitle = {IM},
  editor = {Badonnel, Remi and Xiao, Jin and Ata, Shingo and Turck, Filip De and Groza, Voicu and dos Santos, Carlos Raniery Paula},
  ee = {http://dx.doi.org/10.1109/INM.2015.7140415},
  interhash = {c6d40bf0db58466071255dc932f4b165},
  intrahash = {f4e84d84013e853d41b01ccda194f4d0},
  isbn = {978-3-901882-76-0},
  keywords = {dblp},
  pages = {942-947},
  publisher = {IEEE},
  timestamp = {2015-07-08T11:43:37.000+0200},
  title = {Benefits brought by the use of OpenFlow/SDN on the AmLight intercontinental research and education network.},
  url = {http://dblp.uni-trier.de/db/conf/im/im2015.html#IbarraBMLCSMGL15},
  year = 2015
}
